@inproceedings{pirrone2012mobile,
    author = {Pirrone, José and Huerta, Mónica and Alvizu, Rodolfo and Clotet, Roger},
    year = {2012},
    month = {11},
    pages = {39-42},
    title = {Mobile Identification: NFC in the Healthcare Sector},
    doi = {10.1109/Andescon.2012.19}
}

@online{violino2005history,
    title = {The History of RFID Technology},
    author = {Bob Violino},
    organization = {RFID Journal},
    date = {2005-01-16},
    url = {https://www.rfidjournal.com/the-history-of-rfid-technology},
    urldate = {2024-02-25}
}

@online{badusb,
    title = {Bad USB --- Flipper Zero},
	  organization = {Flipper},
    year = {2024},
	url = {https://docs.flipper.net/bad-usb},
	  urldate = {2024-03-19},
}

@online{flipperreading,
	title = {Reading NFC cards --- Flipper Zero},
    organization = {Flipper},
    year = {2024},
	url = {https://docs.flipper.net/nfc/read},
	urldate = {2024-03-19},
}

@online{flipper,
	title = {Flipper Zero Documentation},
    organization = {Flipper},
    year = {2024},
	url = {https://docs.flipper.net/},
	urldate = {2024-03-19},
}

@online{githubflipper,
	title = {Flipper Zero firmware source code},
    organization = {Flipper},
    year = {2024},
	url = {https://github.com/flipperdevices/flipperzero-firmware},
	urldate = {2024-03-19},
}

@online{flipperpower,
	title = {Power --- Flipper Zero},
    organization = {Flipper},
    year = {2024},
	url = {https://docs.flipper.net/basics/power},
	urldate = {2024-03-19},
}

@online{flippershop,
	title = {Flipper Zero Shop},
    organization = {Flipper},
    year = {2024},
	url = {https://shop.flipperzero.one/},
	urldate = {2024-03-19},
}

@online{chameleonwiki,
	title = {ChameleonMini GitHub Wiki},
	author = {emsec},
    year = {2024},
	url = {https://github.com/emsec/ChameleonMini/wiki},
	urldate = {2024-03-20},
}

@online{lab401chameleon,
	title = {Proxgrind ChameleonMini RevG},
    organization = {lab401},
	year = {2024},
	url = {https://lab401.com/products/proxgrind-chameleon-mini-revg?variant=31284469039215},
	urldate = {2024-03-20},
}

@online{pn532doc,
	title = {PN532/C1, Near Field Communication (NFC) controller},
    organization = {lab401},
    year = {2017},
	url = {https://www.nxp.com/docs/en/nxp/data-sheets/PN532_C1.pdf},
	urldate = {2024-03-20},
}

@online{nestedpn532,
	title = {MFOC},
    author = {nfc-tools},
	year = {2024},
	url = {https://github.com/nfc-tools/mfoc},
	urldate = {2024-03-28},
}

@online{darksidepn532,
	title = {MFCUK},
    author = {nfc-tools},
    year = {2024},
	url = {https://github.com/nfc-tools/mfcuk},
	urldate = {2024-03-28},
}

@online{clonerpn532,
	title = {PN532 Cloner},
    author = {jumpycalm},
	year = {2024},
	url = {https://github.com/jumpycalm/pn532-cloner},
	urldate = {2024-03-28},
}

@online{pn532shop,
	title = {PN532 NFC RFID V3},
    organization = {Neven},
	year = {2024},
	url = {https://www.neven.cz/kategorie/elektronicke-soucastky/nfc-a-rfid/ctecky/pn532-nfc-rfid-v3-modul/},
	urldate = {2024-03-20},
}

@online{proxmark,
	title = {Proxmark web page},
	organization = {Proxmark},
	year = {2024},
	url = {https://proxmark.com/},
	urldate = {2024-03-22},
}

@online{proxmarkwiki,
	title = {Proxmark3 Wiki},
	author = {Proxmark},
	year = {2024},
	url = {https://github.com/Proxmark/proxmark3/wiki},
	urldate = {2024-03-22},
}

@online{proxmarkcommands,
	title = {Proxmark3 wiki --- Commands},
	author = {Proxmark},
	year = {2024},
	url = {https://github.com/Proxmark/proxmark3/wiki/commands},
	urldate = {2024-03-22},
}

@online{proxmarkclones,
	title = {Proxmark3 --- How to build},
	author = {RfidResearchGroup},
	year = {2024},
	url= {https://github.com/RfidResearchGroup/proxmark3?tab=readme-ov-file\#how-to-build},
	urldate = {2024-03-22},
}

@online{proxmarkstandalone,
	title = {Proxmark3 --- Standalone mode},
	author = {RfidResearchGroup},
	year = {2024},
	url = {https://github.com/RfidResearchGroup/proxmark3/wiki/Standalone-mode},
	urldate = {2024-03-22},
}

@misc{githubproxmark,
  author = {C. {Herrmann} and P. {Teuwen} and O. {Moiseenko} and M. {Walker} and others},
  title = {{Proxmark3 -- Iceman repo}},
  howpublished = {\url{https://github.com/RfidResearchGroup/proxmark3}},
  keywords = {rfid nfc iceman proxmark3 125khz 134khz 13.56mhz},
}

@online{proxmarkshop,
	title = {Proxmark3 Easy 512kbit},
    organization = {Neven},
	year = {2024},
	url = {https://www.neven.cz/kategorie/elektronicke-soucastky/nfc-a-rfid/ctecky/proxmark3-easy-512kbit/},
	urldate = {2024-03-22},
}

@online{wiring,
	title = {Wiring},
    organization = {Wiring},
	year = {2024},
	url = {https://wiring.org.co/},
	urldate = {2024-03-26},
}


@online{arduino,
	title = {What is Arduino?},
    organization = {Arduino},
	year = {2024},
	url = {https://www.arduino.cc/en/Guide/Introduction},
	urldate = {2024-03-26},
}

@online{arduinohardware,
	title = {Arduino Hardware},
    organization = {Arduino},
	year = {2024},
	url = {https://www.arduino.cc/en/hardware},
	urldate = {2024-03-26},
}

@online{raspberry,
	title = {Raspberry Pi --- About},
    organization = {Raspberry Pi},
	year = {2024},
	url = {https://www.raspberrypi.com/about/},
	urldate = {2024-03-27},
}

@online{raspberryshop,
	title = {Raspberry Pi 4 model B},
    organization = {Raspberry Pi},
	year = {2024},
	url = {https://www.raspberrypi.com/products/raspberry-pi-4-model-b/},
	urldate = {2024-03-27},
}

@online{dimensionsproxmark,
    title = {Proxmark3 V3.0 DEV Easy Kits Manual},
    organization = {Emartee},
	year = {2024},
    url = {https://www.emartee.com/Attachment.php?name=42234.pdf},
    urldate = {2024-03-28},
}

@online{raspberrydoc,
	title = {Raspberry Pi Documentation},
    organization = {Raspberry Pi},
	year = {2024},
	url = {https://www.raspberrypi.com/documentation/computers/raspberry-pi.html},
    urldate = {2024-03-28},
}

@online{arduinodoc,
	title = {Mega 2560 Rev3 --- Tech Specs},
    organization = {Arduino},
	year = {2024},
	url = {https://docs.arduino.cc/hardware/mega-2560/\#tech-specs},
	urldate = {2024-03-28},
}

@online{chameleonultra,
	title = {Chameleon Ultra},
    organization = {Lab401},
	year = {2024},
	url = {https://lab401.com/products/chameleon-ultra},
	urldate = {2024-03-28},
}

@article{masyuk2019information,
author = {Masyuk, M},
year = {2019},
month = {12},
title = {Information security of RFID and NFC technologies},
volume = {1399},
journal = {Journal of Physics: Conference Series},
doi = {10.1088/1742-6596/1399/3/033093}
}

@article{tedjini2005antennas,
author = {Tedjini, Smail and Vuong, Tan-Phu and Beroulle, Vincent},
year = {2005},
month = {10},
pages = {19--22},
title = {Antennas for RFID tags},
isbn = {1-59593-304-2},
doi = {10.1145/1107548.1107557}
}

@INPROCEEDINGS{krumnikl2015em410x,
  author={Krumnikl, Michal and Moravec, Pavel and Olivka, Petr and Seidl, David},
  booktitle={2015 International Conference on Pervasive and Embedded Computing and Communication Systems (PECCS)}, 
  title={EM410x RFID cloned card detection system}, 
  year={2015},
  volume={},
  number={},
  pages={76--82},
  keywords={Cloning;Modulation;Radio frequency;RFID tags;Security;Timing;RFID;EM410x;Security;Cloned Card Detection;Low-cost},
  doi={},
}


@inproceedings{koscher2009EPC,
author = {Koscher, Karl and Juels, Ari and Brajkovic, Vjekoslav and Kohno, Tadayoshi},
year = {2009},
month = {11},
pages = {33--42},
title = {EPC RFID tag security weaknesses and defenses: Passport cards, enhanced drivers licenses, and beyond},
journal = {Proceedings of the ACM Conference on Computer and Communications Security},
doi = {10.1145/1653662.1653668}
}

@online{priority1designEM4100Protocol,
	title = {EM4100 protocol description},
	author = {Priority1Design},
	year = {2024},
	url = {https://www.priority1design.com.au/em4100_protocol.html},
	urldate = {2024-04-03},
}

@online{lfchipsforum,
	title = {Know if chip is writable},
    author = {amal},
	year = {2021},
	url = {https://forum.dangerousthings.com/t/know-if-chip-is-writable/13473/3},
	urldate = {2024-04-03},
}

@online{magiccards,
	title = {Know your magic cards},
    author = {Lab401 Steve},
    year = {2019},
	url = {https://lab401.com/blogs/academy/know-your-magic-cards},
	urldate = {2024-04-03},
}

@online{rfidnfcdifference,
	title = {What is the difference between RFID and NFC},
	organization = {rfidcard.com},
    year = {2024},
	url= {https://www.rfidcard.com/what-is-the-different-between-rfid-and-nfc/},
	urldate = {2024-04-04},
}

@online{ultralightdatasheet,
	title = {MF0ICU1},
    organization = {NXP},
    year = {2014},
	url = {https://www.nxp.com/docs/en/data-sheet/MF0ICU1.pdf},
	urldate = {2024-04-04},
}

@inproceedings{preucil2023surveying,
author = {Preucil, Tomas and Novotný, Martin},
year = {2023},
month = {06},
pages = {1--5},
title = {Surveying the security of access systems in Uppsala, Sweden},
doi = {10.1109/MECO58584.2023.10154971}
}

@online{ultralightev1datasheet,
	title = {MF0ULX1},
	organization = {NXP},
	year = {2019},
	url = {https://www.nxp.com/docs/en/data-sheet/MF0ULX1.pdf},
	urldate = {2024-04-04},
}

@online{classic1kdatasheet,
	title = {MF1S50YYX V1},
	organization = {NXP},
	year = {2018},
	url = {https://www.nxp.com/docs/en/data-sheet/MF1S50YYX_V1.pdf},
	urldate = {2024-04-06},
}

@online{classic4kdatasheet,
	title = {MF1S70YYX\_V1},
	organization = {NXP},
	year = {2017},
	url = {https://www.nxp.com/docs/en/data-sheet/MF1S70YYX_V1.pdf},
	urldate = {2024-04-06},
}

@inproceedings{gans2008practical,
author = {Gans, Gerhard and Hoepman, Jaap-Henk and Garcia, Flavio},
year = {2008},
month = {04},
pages = {},
title = {A practical attack on the MIFARE classic},
volume = {5189},
isbn = {978-3-540-85892-8},
doi = {10.1007/978-3-540-85893-5_20}
}

@inproceedings{tezcan2017brute,
author = {Tezcan, Cihangir},
year = {2017},
month = {01},
pages = {524--528},
title = {Brute Force Cryptanalysis of MIFARE Classic Cards on GPU},
doi = {10.5220/0006262705240528}
}

@inproceedings{meijer2015mifare,
    title       = {Ciphertext-only Cryptanalysis on Hardened {Mifare Classic} Cards},
    author      = {Meijer, Carlo and Verdult, Roel},
    booktitle   = {22nd ACM Conference on Computer and Communications Security (CCS 2015)},
    publisher   = {ACM},
    pages       = {18--30},
    year        = {2015},
}

@online{desfiredatasheet,
	title = {MF3ICDX21\_41\_81\_SDS},
	organization = {NXP},
	year = {2015},
	url = {https://www.nxp.com/docs/en/data-sheet/MF3ICDX21_41_81_SDS.pdf},
	urldate = {2024-04-06},
}

@online{srlabsLegicPrime,
	title = {Legic Prime RFID cards rely on obscurity and consequently did not withstand scrutiny},
	organization = {Security Research Labs},
	year = {2010},
	url = {https://www.srlabs.de/blog-post/analyzing-legic-prime-rfids},
	urldate = {2024-04-06},
}

@online{nohllegic,
	title = {Legic Prime: Obscurity in Depth},
	author = {Henryk Plötz, Karsten Nohl},
	year = {2009},
	url = {https://fahrplan.events.ccc.de/congress/2009/Fahrplan/attachments/1506_legic-slides.pdf},
	urldate = {2024-04-06},
}

@online{waveshare35inch,
	title = {3.5inch RPi LCD (A) --- Waveshare Wiki},
    organization = {Waveshare},
	year = {2024},
	url = {https://www.waveshare.com/wiki/3.5inch_RPi_LCD_(A)},
	urldate = {2024-04-06},
}

@online{raspberrypios,
	title = {Raspberry Pi --- Software},
    organization = {Raspberry Pi},
	year = {2024},
	url = {https://www.raspberrypi.com/software/},
	urldate = {2024-04-07},
}

@online{pythontkinter,
	title = {tkinter --- Python interface to Tcl/Tk},
    organization = {Python},
	year = {2024},
	url = {https://docs.python.org/3/library/tkinter.html},
	urldate = {2024-04-07},
}

@online{pythonkivy,
	title = {Kivy: Cross-platform Python Framework for NUI},
    organization = {Kivy},
	year = {2024},
	url = {https://kivy.org/},
	urldate = {2024-04-07},
}

@online{pythonpyqt5,
    title = {PyQt5},
    author = {Phil Thompson},
	year = {2024},
	url = {https://pypi.org/project/PyQt5/},
	urldate = {2024-04-07},
}

@online{githubproxmarkdoc,
	title = {Proxmark3 --- doc},
    author = {RfidResearchGroup},
	year = {2024},
	url = {https://github.com/RfidResearchGroup/proxmark3/tree/master/doc},
	urldate = {2024-04-07},
}

@online{pythonsubprocess,
	title = {subprocess --- Subprocess management},
    organization = {Python},
	year = {2024},
	url = {https://docs.python.org/3/library/subprocess.html},
	urldate = {2024-04-08},
}

@online{toast,
	title = {PyQt Toast},
	author = {yjg30737},
	year = {2024},
	url = {https://github.com/yjg30737/pyqt-toast},
	urldate = {2024-04-10},
}

@online{atqavalues,
    title = {ISO/IEC 14443 Type A},
    author = {nfc-tools},
    year = {2024},
    url = {https://nfc-tools.github.io/resources/standards/iso14443A/},
    urldate = {2024-05-05},
}

@online{identificationprocedure,
    title = {MIFARE type identification procedure},
    organization = {NXP},
    year = {2024},
    url = {https://www.nxp.com/docs/en/application-note/AN10833.pdf},
    urldate = {2024-05-05},
}

@online{notworkingemulation,
    title = {Em410x emulation not working},
    author = {Fonteno},
    year = {2024},
    url = {https://github.com/RfidResearchGroup/proxmark3/issues/2197},
    urldate = {2024-05-10},
}


@online{desfirememory,
    title = {Starting development with TapLinx SDK},
    organization = {Mifare},
    year = {2024},
    url = {https://www.mifare.net/wp-content/uploads/2020/09/AN11876.pdf},
    urldate = {2024-05-10},
}
